@book{gr03,
  author    = {Gabber, Ofer and Ramero, Lorenzo},
  title     = {Almost ring theory},
  series    = {Lecture Notes in Mathematics},
  volume    = {1800},
  publisher = {Springer-Verlag},
  address   = {Berlin},
  year      = {2003}
}
